<?xml version="1.0" encoding="UTF-8"?><record xmlns="http://www.loc.gov/MARC21/slim" xmlns:cinclude="http://apache.org/cocoon/include/1.0" xmlns:zs="http://www.loc.gov/zing/srw/">
  <leader>00513nz  a2200133n  4500</leader>
  <controlfield tag="001">no2001089243</controlfield>
  <controlfield tag="003">DLC</controlfield>
  <controlfield tag="005">20011109071036.0</controlfield>
  <controlfield tag="008">011108n| acannaabn          |n ana     c</controlfield>
  <datafield tag="010" ind1=" " ind2=" ">
    <subfield code="a">no2001089243</subfield>
  </datafield>
  <datafield tag="035" ind1=" " ind2=" ">
    <subfield code="a">(OCoLC)oca05621382</subfield>
  </datafield>
  <datafield tag="040" ind1=" " ind2=" ">
    <subfield code="a">NNC</subfield>
    <subfield code="b">eng</subfield>
    <subfield code="c">NNC</subfield>
  </datafield>
  <datafield tag="110" ind1="2" ind2=" ">
    <subfield code="a">Ecole normale supérieure de Meknès.</subfield>
    <subfield code="b">Centre de préparation à l'agrégation de français</subfield>
  </datafield>
  <datafield tag="670" ind1=" " ind2=" ">
    <subfield code="a">La comédie de la ruse, 1998:</subfield>
    <subfield code="b">t.p. (Centre de préparation à l'agrégation de français de l'Ecole normale supérieure de Meknès)</subfield>
  </datafield>
</record>